@article{jiang2019manager,
  title={Manager sentiment and stock returns},
  author={Jiang, Fuwei and Lee, Joshua and Martin, Xiumin and Zhou, Guofu},
  journal={Journal of Financial Economics},
  volume={132},
  number={1},
  pages={126--149},
  year={2019},
  publisher={Elsevier}
}